@inproceedings{PavlopoulouY99,
  Acmid = {302637},
  Address = {New York, NY, USA},
  Author = {Pavlopoulou, Christina and Young, Michal},
  Booktitle = {Proceedings of the 21st International Conference on Software Engineering},
  Doi = {10.1145/302405.302637},
  Isbn = {1-58113-074-0},
  Keywords = {coverage, instrumentation, testing},
  Location = {Los Angeles, California, USA},
  Numpages = {8},
  Pages = {277--284},
  Publisher = {ACM},
  Series = {ICSE '99},
  Title = {{Residual Test Coverage Monitoring}},
  Url = {http://doi.acm.org/10.1145/302405.302637},
  Year = {1999},
}

@inproceedings{Vaswani07,
  Acmid = {1190268},
  Address = {New York, NY, USA},
  Author = {Vaswani, Kapil and Nori, Aditya V. and Chilimbi, Trishul M.},
  Booktitle = {Proceedings of the 34th Annual ACM SIGPLAN-SIGACT Symposium on Principles of Programming Languages},
  Doi = {10.1145/1190216.1190268},
  Isbn = {1-59593-575-4},
  Keywords = {arithmetic coding, dynamic analysis, preferential paths, profiling},
  Location = {Nice, France},
  Numpages = {12},
  Pages = {351--362},
  Publisher = {ACM},
  Series = {POPL '07},
  Title = {{Preferential Path Profiling: Compactly Numbering Interesting Paths}},
  Url = {http://doi.acm.org/10.1145/1190216.1190268},
  Year = {2007},
}

@article{Chang92,
  Acmid = {138721},
  Address = {New York, NY, USA},
  Author = {Chang, Pohua P. and Mahlke, Scott A. and Chen, William Y. and Hwu, Wen-mei W.},
  Doi = {10.1002/spe.4380220502},
  Issn = {0038-0644},
  Issue_Date = {May 1992},
  Journal = {Software: Practice and Experience},
  Keywords = {C compiler, code optimization, inline expansion, profile information},
  Month = may,
  Number = {5},
  Numpages = {21},
  Pages = {349--369},
  Publisher = {John Wiley \& Sons, Inc.},
  Title = {{Profile-guided Automatic Inline Expansion for C Programs}},
  Url = {http://dx.doi.org/10.1002/spe.4380220502},
  Volume = {22},
  Year = {1992}
}

@inproceedings{Feng03,
  Acmid = {830554},
  Address = {Washington, DC, USA},
  Author = {Feng, Henry Hanping and Kolesnikov, Oleg M. and Fogla, Prahlad and Lee, Wenke and Gong, Weibo},
  Booktitle = {Proceedings of the 2003 IEEE Symposium on Security and Privacy},
  Isbn = {0-7695-1940-7},
  Pages = {62--78},
  Publisher = {IEEE Computer Society},
  Series = {SP '03},
  Title = {{Anomaly Detection Using Call Stack Information}},
  Url = {http://dl.acm.org/citation.cfm?id=829515.830554},
  Year = {2003},
  Doi = {10.1109/SECPRI.2003.1199328}
}

@inproceedings{Liblit03,
  Acmid = {781148},
  Address = {New York, NY, USA},
  Author = {Liblit, Ben and Aiken, Alex and Zheng, Alice X. and Jordan, Michael I.},
  Booktitle = {Proceedings of the ACM SIGPLAN 2003 Conference on Programming Language Design and Implementation},
  Doi = {10.1145/781131.781148},
  Isbn = {1-58113-662-5},
  Keywords = {assertions, bug isolation, feature selection, logistic regression, random sampling, statistical debugging},
  Location = {San Diego, California, USA},
  Numpages = {14},
  Pages = {141--154},
  Publisher = {ACM},
  Series = {PLDI '03},
  Title = {{Bug Isolation via Remote Program Sampling}},
  Url = {http://doi.acm.org/10.1145/781131.781148},
  Year = {2003}
}

@inproceedings{Nistor13,
  author = {Nistor, Adrian and Jiang, Tian and Tan, Lin},
  title = {{Discovering, Reporting, and Fixing Performance Bugs}},
  booktitle = {Proceedings of the 10th Working Conference on Mining Software Repositories},
  series = {MSR '13},
  year = {2013},
  isbn = {978-1-4673-2936-1},
  location = {San Francisco, CA, USA},
  pages = {237--246},
  numpages = {10},
  url = {http://dl.acm.org/citation.cfm?id=2487085.2487134},
  acmid = {2487134},
  publisher = {IEEE Press},
  address = {Piscataway, NJ, USA},
  doi = {10.1109/MSR.2013.6624035}
}

@inproceedings{Nethercote07,
  Acmid = {1250746},
  Address = {New York, NY, USA},
  Author = {Nethercote, Nicholas and Seward, Julian},
  Booktitle = {Proceedings of the 2007 ACM SIGPLAN Conference on Programming Language Design and Implementation},
  Doi = {10.1145/1250734.1250746},
  Isbn = {978-1-59593-633-2},
  Keywords = {Memcheck, Valgrind, dynamic binary analysis, dynamic binary instrumentation, shadow values},
  Location = {San Diego, California, USA},
  Numpages = {12},
  Pages = {89--100},
  Publisher = {ACM},
  Series = {PLDI '07},
  Title = {{Valgrind: A Framework for Heavyweight Dynamic Binary Instrumentation}},
  Url = {http://doi.acm.org/10.1145/1250734.1250746},
  Year = {2007}
}

@inproceedings{Bond07,
  Acmid = {1297035},
  Address = {New York, NY, USA},
  Author = {Bond, Michael D. and McKinley, Kathryn S.},
  Booktitle = {Proceedings of the 22Nd Annual ACM SIGPLAN Conference on Object-oriented Programming Systems and Applications},
  Doi = {10.1145/1297027.1297035},
  Isbn = {978-1-59593-786-5},
  Keywords = {anomaly-based bug detection, calling context, dynamic context sensitivity, intrusion detection, managed languages, probabilistic, residual testing},
  Location = {Montreal, Quebec, Canada},
  Numpages = {16},
  Pages = {97--112},
  Publisher = {ACM},
  Series = {OOPSLA '07},
  Title = {{Probabilistic Calling Context}},
  Url = {http://doi.acm.org/10.1145/1297027.1297035},
  Year = {2007}
}

@inproceedings{Villazon09,
  author = {Villazon, Alex and Binder, Walter and Moret, Philippe},
  title = {{Flexible Calling Context Reification for Aspect-oriented Programming}},
  booktitle = {Proceedings of the 8th ACM International Conference on Aspect-oriented Software Development},
  series = {AOSD '09},
  year = {2009},
  isbn = {978-1-60558-442-3},
  location = {Charlottesville, Virginia, USA},
  pages = {63--74},
  numpages = {12},
  url = {http://doi.acm.org/10.1145/1509239.1509249},
  doi = {10.1145/1509239.1509249},
  acmid = {1509249},
  publisher = {ACM},
  address = {New York, NY, USA},
  keywords = {aspect weaving, bytecode instrumentation, calling context reification, composition of program transformations, debugging, java virtual machine},
}

@inproceedings{Zhang06,
  author = {Zhang, Xiangyu and Tallam, Sriraman and Gupta, Rajiv},
  title = {{Dynamic Slicing Long Running Programs Through Execution Fast Forwarding}},
  booktitle = {Proceedings of the 14th ACM SIGSOFT International Symposium on Foundations of Software Engineering},
  series = {SIGSOFT '06/FSE-14},
  year = {2006},
  isbn = {1-59593-468-5},
  location = {Portland, Oregon, USA},
  pages = {81--91},
  numpages = {11},
  url = {http://doi.acm.org/10.1145/1181775.1181786},
  doi = {10.1145/1181775.1181786},
  acmid = {1181786},
  publisher = {ACM},
  address = {New York, NY, USA},
  keywords = {checkpointing, data slicing, debugging, event logging, replay},
}

@inproceedings{Lai08,
  author = {Lai, Zhifeng and Cheung, S. C. and Chan, W. K.},
  title = {{Inter-context Control-flow and Data-flow Test Adequacy Criteria for nesC Applications}},
  booktitle = {Proceedings of the 16th ACM SIGSOFT International Symposium on Foundations of Software Engineering},
  series = {SIGSOFT '08/FSE-16},
  year = {2008},
  isbn = {978-1-59593-995-1},
  location = {Atlanta, Georgia},
  pages = {94--104},
  numpages = {11},
  url = {http://doi.acm.org/10.1145/1453101.1453115},
  doi = {10.1145/1453101.1453115},
  acmid = {1453115},
  publisher = {ACM},
  address = {New York, NY, USA},
  keywords = {networked embedded system, software testing, test adequacy criteria},
}

@inproceedings{Lin08,
  author    = {Lin, Zhiqiang and Jiang, Xuxian and Xu, Dongyan and Zhang, Xiangyu},
  title     = {Automatic Protocol Format Reverse Engineering Through Context-Aware Monitored Execution},
  booktitle = {Proceedings of the 15th Annual Network and Distributed System Security Symposium},
  series    = {NDSS '08},
  address   = {San Diego, CA},
  month     = {February},
  year      = 2008,
  url       = {http://www.isoc.org/isoc/conferences/ndss/08/papers/14_automatic_protocol_format.pdf}
}

@article{Ponder88,
  Acmid = {45568},
  Address = {New York, NY, USA},
  Author = {Ponder, Carl and Fateman, Richard J.},
  Doi = {10.1002/spe.4380180506},
  Issn = {0038-0644},
  Issue_Date = {May, 1988},
  Journal = {Software: Practice and Experience},
  Month = may,
  Number = {5},
  Numpages = {9},
  Pages = {459--467},
  Publisher = {John Wiley \& Sons, Inc.},
  Title = {{Inaccuracies in Program Profilers}},
  Url = {http://dx.doi.org/10.1002/spe.4380180506},  
  Volume = {18},
  Year = {1988}
}

@article{Spivey04,
  Acmid = {991087},
  Address = {New York, NY, USA},
  Author = {Spivey, J. M.},
  Doi = {10.1002/spe.562},
  Issn = {0038-0644},
  Issue_Date = {March 2004},
  Journal = {Software: Practice and Experience},
  Keywords = {call graph profiling},
  Month = mar,
  Number = {3},
  Numpages = {16},
  Pages = {249--264},
  Publisher = {John Wiley \& Sons, Inc.},
  Title = {{Fast, Accurate Call Graph Profiling}},
  Url = {http://dx.doi.org/10.1002/spe.562},
  Volume = {34},
  Year = {2004}
}

@inproceedings{Zhuang06,
  Acmid = {1134012},
  Address = {New York, NY, USA},
  Author = {Zhuang, Xiaotong and Serrano, Mauricio J. and Cain, Harold W. and Choi, Jong-Deok},
  Booktitle = {Proceedings of the 2006 ACM SIGPLAN Conference on Programming Language Design and Implementation},
  Doi = {10.1145/1133981.1134012},
  Isbn = {1-59593-320-4},
  Keywords = {adaptive, call graph, calling context, calling context tree, java virtual machine, profiling},
  Location = {Ottawa, Ontario, Canada},
  Numpages = {9},
  Pages = {263--271},
  Publisher = {ACM},
  Series = {PLDI '06},
  Title = {{Accurate, Efficient, and Adaptive Calling Context Profiling}},
  Url = {http://doi.acm.org/10.1145/1133981.1134012},
  Year = {2006}
}

@inproceedings{Ammons97,
  Acmid = {258924},
  Address = {New York, NY, USA},
  Author = {Ammons, Glenn and Ball, Thomas and Larus, James R.},
  Booktitle = {Proceedings of the ACM SIGPLAN 1997 Conference on Programming Language Design and Implementation},
  Doi = {10.1145/258915.258924},
  Isbn = {0-89791-907-6},
  Location = {Las Vegas, Nevada, USA},
  Numpages = {12},
  Pages = {85--96},
  Publisher = {ACM},
  Series = {PLDI '97},
  Title = {{Exploiting Hardware Performance Counters with Flow and Context Sensitive Profiling}},
  Url = {http://doi.acm.org/10.1145/258915.258924},
  Year = {1997}
}

@article{Muthukrishnan05,
  Acmid = {1166410},
  Address = {Hanover, MA, USA},
  Author = {Muthukrishnan, S.},
  Doi = {10.1561/0400000002},
  Issn = {1551-305X},
  Issue_Date = {August 2005},
  Journal = {Foundations and Trends in Theoretical Computer Science},
  Month = aug,
  Number = {2},
  Numpages = {120},
  Pages = {117--236},
  Publisher = {Now Publishers Inc.},
  Title = {{Data Streams: Algorithms and Applications}},
  Url = {http://dx.doi.org/10.1561/0400000002},
  Volume = {1},
  Year = {2005}
}

@incollection{Demetrescu07,
  Author = {Demetrescu, Camil and Finocchi, Irene},
  Booktitle = {Handbook of Applied Algorithms: Solving Scientific, Engineering, and Practical Problems},
  Editors = {A. Nayak and I. Stojmenovic (eds)},
  Publisher = {John Wiley and Sons},
  Title = {{Algorithms for Data Streams}},
  Volume = {241},
  Year = {2007}
}

@article{Cormode08,
  Acmid = {1454225},
  Author = {Cormode, Graham and Hadjieleftheriou, Marios},
  Doi = {10.14778/1454159.1454225},
  Issn = {2150-8097},
  Issue_Date = {August 2008},
  Journal = {Proc. VLDB Endow.},
  Month = aug,
  Number = {2},
  Numpages = {12},
  Pages = {1530--1541},
  Publisher = {VLDB Endowment},
  Title = {Finding Frequent Items in Data Streams},
  Url = {http://dx.doi.org/10.14778/1454159.1454225},
  Volume = {1},
  Year = {2008}
}

@techreport{Arnold00,
  Author = {Arnold, Matthew and Sweeney, Peter F.},
  Institution = {IBM Research},
  Number = {RC 21789},
  Title = {{Approximating the Calling Context Tree Via Sampling}},
  Year = {2000}
}

@inproceedings{Whaley00,
	Acmid = {337483},
	Address = {New York, NY, USA},
	Author = {Whaley, John},
	Booktitle = {Proceedings of the ACM 2000 Conference on Java Grande},
	Doi = {10.1145/337449.337483},
	Isbn = {1-58113-288-3},
	Location = {San Francisco, California, USA},
	Numpages = {10},
	Pages = {78--87},
	Publisher = {ACM},
	Series = {JAVA '00},
	Title = {{A Portable Sampling-based Profiler for Java Virtual Machines}},
	Url = {http://doi.acm.org/10.1145/337449.337483},
	Year = {2000}
}